@comment{This file has been generated by Pybliographer}

@InCollection{PrimeiroDevName,
booktitle = "The Game Design Reader: A Rules of Play Anthology",
author = {{Katie Salen} and {Eric Zimmerman}}, 
title = "Adventure as a Video Game. Adventure for the Atari 2600. [1983-84]",
pages = "690--713", 
publisher = "MIT Press", 
year = "2006"
}

@Patent{2455992,
 title     = "Cathode-ray tube amusement device",
 number    = "2455992",
 author    = {{Goldsmith~Jr.} and {Thomas~T.} and {Ray} and {Mann~Estle}},
 year      = "1948",
 month     = "December",
 url       = "http://www.google.com/patents?vid=2455992"
}

@Misc{DSSpec,
  Author        = {{Martin Korth}},
  Title         = {"GBATEK - Gameboy Advance / Nintendo DS - Technical Info"},
  url           = "http://nocash.emubase.de/gbatek.htm",
  year          = 2007,

}

@Proceedings{mameri06culling,
  Author         = {{Frederico Mameri} and {R\^omulo Nascimento}},
  Title          = {A Fast Culling Algorithm for 2D and 2.5D Side-scrolling Games},
  booktitle      = {DIGITAL PROCEEDINGS of the V Brazilian Symposium on Computer Games and Digital Entertainment},
  year           = 2006,
  month          = nov,
}

@TechReport{WPdAJ01,
  Author         = {{Walmir Perreira de Amorim J\'unior}},
  Title          = {Criptografia e {A}utentica\c{c}\~ao},
  year           = 2001,
}

@Book{William86,
  Author         = {{William Ferreira Giozza} and {José Fábio Marinho de
                   Araújo} and {José Antão Beltrão Moura} and {Jacques
                   Philippe Sauvé}},
  Title          = {Redes locais de computadores, {T}ecnologia e
                   {A}plica\c{c}\~oes},
  Publisher      = "McGraw-Hill",
  year           = 1986,
}

@Misc{dns2002,
  Author         = {{Cisco Systems Inc.}},
  Title          = {Configuring the DNS Service},
  HowPublished   = {URL:
                   http://www.cisco.com/univercd/cc/td/doc/product/iaabu/cddm/cddm111/adguide/dns.htm},
  year           = 2002,
}

@InProceedings{rhoden,
  Author         = {{Guilherme Eliseu Rhoden} and {Edison Tadeu Lopes
                   Melo} and {Carlos Becker Westphall}},
  Title          = {Detecc\~ao de intrus\~oes em backbones de redes de
                   computadores atrav\'es da an\'alise de comportameto com
                   snmp},
  BookTitle      = {Anais do 20 {S}imp\'osio {B}rasileiro de {R}edes de
                   {C}omputadores},
  year           = 2002,
}

@InCollection{dimopoulos96abduction,
  Author         = "Dimopoulos, Y. and Kakas, A.",
  Title          = "Abduction and Inductive Learning",
  BookTitle      = "Advances in {I}nductive {L}ogic {P}rogramming",
  Publisher      = "IOS Press",
  Editor         = "De Raedt, L.",
  Pages          = "144-171",
  url            = "citeseer.nj.nec.com/dimopoulos96abduction.html",
  year           = 1996,
}

@Article{li98refining,
  Author         = "Renwei Li and Luis Moniz Pereira and Veronica Dahl",
  Title          = "Refining Action Theories through Abductive Logic
                   Programming",
  Journal        = "Lecture Notes in Computer Science",
  Volume         = "1471",
  Pages          = "123--??",
  url            = "citeseer.nj.nec.com/article/li97refining.html",
  year           = 1998,
}

@MastersThesis{MB99,
  Author         = {{M.C. Bernardes}},
  Title          = {Avalia\c{c}\~ao do {U}so de {A}gentes {M}\'oveis em
                   {S}eguran\c{c}a {C}omputacional},
  School         = {ICMC/USP},
  year           = 1999,
  institution    = {ICMC/USP},
}

@Unpublished{BOS02,
  Author         = {{Bruno Oliveira Silvestre}},
  Title          = {Implementa\c{c}\~ao de um agente para planejamento de
                   contra-a\c{c}\~oes de uma rede sob ataque},
  Note           = {Relat\'orio final de Inicia\c{c}\~ao Cient\'{\i}fica},
  year           = 2002,
}

